% Bibliografía

% Este fichero contiene la bibliografía de la memoria
% Está en un formato que se conoce como BibTex.
% Hay muchos sitios web que exportan referencias en formato BibTeX. 
% Prueba a buscar en http://scholar.google.com por referencias
% y verás que lo puedes hacer de manera sencilla.
% Más información: 
% http://texblog.org/2014/04/22/using-google-scholar-to-download-bibtex-citations/

% Existen varias posibilidades para referenciar diferentes tipos de documentos,
% ya que los datos necesarios varían. Así, existen formatos de entrada para
%     * libros (book)
%     * artículos en revistas de investigación (article)
%     * capítulos de libro (incollection)
%     * informes técnicos (techreport)
%     * otros (misc)
%
% Las páginas web deberían ir como misc.

% Una última cosa: no referencias nunca la WikiPedia
% La WikiPedia, como buena enciclopedia, no es fuente primaria.
% Si acaso, busca por citas en la WikiPedia (que sí ha de referenciar fuentes
% primarias) y haz referencia a las mismas.

@book{aggarwal2012mining,
  title={Mining text data},
  author={Aggarwal, Charu C and Zhai, ChengXiang},
  year={2012},
  publisher={Springer Science \& Business Media}
}

@article{averell2011form,
  title={The form of the forgetting curve and the fate of memories},
  author={Averell, Lee and Heathcote, Andrew},
  journal={Journal of Mathematical Psychology},
  volume={55},
  number={1},
  pages={25--35},
  year={2011},
  publisher={Elsevier}
}

@incollection{anandarajan2019term,
  title={Term-Document Representation},
  author={Anandarajan, Murugan and Hill, Chelsey and Nolan, Thomas},
  booktitle={Practical Text Analytics},
  pages={61--73},
  year={2019},
  publisher={Springer}
}

@misc{bray2000extensible,
  title={Extensible markup language (XML) 1.0},
  author={Bray, Tim and Paoli, Jean and Sperberg-McQueen, C Michael and Maler, Eve and Yergeau, Franois},
  year={2000},
  publisher={W3C recommendation October}
}

@book{bhavsar2017natural,
  title={Natural Language Processing with Python Cookbook: Over 60 recipes to implement text analytics solutions using deep learning principles},
  author={Bhavsar, Krishna and Kumar, Naresh and Dangeti, Pratap},
  year={2017},
  publisher={Packt Publishing Ltd}
}

@inproceedings{bracewell2008semi,
  title={Semi-automatic creation of an emotion dictionary using wordnet and its evaluation},
  author={Bracewell, David B},
  booktitle={2008 IEEE Conference on Cybernetics and Intelligent Systems},
  pages={1385--1389},
  year={2008},
  organization={IEEE}
}

@book{bunch2014sparse,
  title={Sparse matrix computations},
  author={Bunch, James R and Rose, Donald J},
  year={2014},
  publisher={Academic Press}
}

@inproceedings{cambria2018senticnet,
  title={SenticNet 5: Discovering conceptual primitives for sentiment analysis by means of context embeddings},
  author={Cambria, Erik and Poria, Soujanya and Hazarika, Devamanyu and Kwok, Kenneth},
  booktitle={Thirty-Second AAAI Conference on Artificial Intelligence},
  year={2018}
}

@misc{chandramouli2018domain,
  title={Domain-specific stopword removal from unstructured computer text using a neural network},
  author={Chandramouli, Aravind},
  year={2018},
  month=aug # "~9",
  publisher={Google Patents},
  note={US Patent App. 15/426,958}
}

@article{chen2016turning,
  title={Turning from TF-IDF to TF-IGM for term weighting in text classification},
  author={Chen, Kewen and Zhang, Zuping and Long, Jun and Zhang, Hao},
  journal={Expert Systems with Applications},
  volume={66},
  pages={245--260},
  year={2016},
  publisher={Elsevier}
}

@book{chollet2018deep,
  title={Deep Learning mit Python und Keras: Das Praxis-Handbuch vom Entwickler der Keras-Bibliothek},
  author={Chollet, Francois},
  year={2018},
  publisher={MITP-Verlags GmbH \& Co. KG}
}

@techreport{crockford2006application,
  title={The application/json media type for javascript object notation (json)},
  author={Crockford, Douglas},
  year={2006}
}

@article{donoho201550,
  title={50 years of Data Science},
  author={Donoho, David},
  journal={URL http://courses. csail. mit. edu/18},
  volume={337},
  pages={2015},
  year={2015}
}

@article{esuli2007sentiwordnet,
  title={SentiWordNet: a high-coverage lexical resource for opinion mining},
  author={Esuli, Andrea and Sebastiani, Fabrizio},
  journal={Evaluation},
  volume={17},
  pages={1--26},
  year={2007}
}

@article{de2018visual,
  title={A visual framework for dynamic emotional web analysis},
  author={de Diego, Isaac Mart{\'\i}n and Fern{\'a}ndez-Isabel, Alberto and Ortega, Felipe and Moguerza, Javier M},
  journal={Knowledge-Based Systems},
  volume={145},
  pages={264--273},
  year={2018},
  publisher={Elsevier}
}

@incollection{debole2004supervised,
  title={Supervised term weighting for automated text categorization},
  author={Debole, Franca and Sebastiani, Fabrizio},
  booktitle={Text mining and its applications},
  pages={81--97},
  year={2004},
  publisher={Springer}
}

@article{deng2019sentiment,
  title={Sentiment Lexicon Construction With Hierarchical Supervision Topic Model},
  author={Deng, Dong and Jing, Liping and Yu, Jian and Sun, Shaolong and Ng, Michael K},
  journal={IEEE/ACM Transactions on Audio, Speech, and Language Processing},
  volume={27},
  number={4},
  pages={704--718},
  year={2019},
  publisher={IEEE}
}

@article{fernandez2018unified,
  title={A unified knowledge compiler to provide support the scientific community},
  author={Fern{\'a}ndez-Isabel, Alberto and Prieto, Juan Carlos and Ortega, Felipe and de Diego, Isaac Mart{\'\i}n and Moguerza, Javier M and Mena, Jos{\'e} and Galindo, Sara and Napalkova, Liana},
  journal={Knowledge-Based Systems},
  volume={161},
  pages={157--171},
  year={2018},
  publisher={Elsevier}
}

@book{gormley2015elasticsearch,
  title={Elasticsearch: The definitive guide: A distributed real-time search and analytics engine},
  author={Gormley, Clinton and Tong, Zachary},
  year={2015},
  publisher={" O'Reilly Media, Inc."}
}

@article{goldberg2014word2vec,
  title={word2vec Explained: deriving Mikolov et al.'s negative-sampling word-embedding method},
  author={Goldberg, Yoav and Levy, Omer},
  journal={arXiv preprint arXiv:1402.3722},
  year={2014}
}

@phdthesis{gupta2015distantly,
  title={Distantly Supervised Information Extraction Using Bootstrapped Patterns},
  author={Gupta, Sonal},
  year={2015},
  school={Stanford University}
}

@book{gupta2015kibana,
  title={Kibana Essentials},
  author={Gupta, Yuvraj},
  year={2015},
  publisher={Packt Publishing Ltd}
}

@inproceedings{han2011survey,
  title={Survey on NoSQL database},
  author={Han, Jing and Haihong, E and Le, Guan and Du, Jian},
  booktitle={2011 6th international conference on pervasive computing and applications},
  pages={363--366},
  year={2011},
  organization={IEEE}
}



@article{honnibal2017spacy,
  title={spacy 2: Natural language understanding with bloom embeddings, convolutional neural networks and incremental parsing},
  author={Honnibal, Matthew and Montani, Ines},
  journal={To appear},
  year={2017}
}

@article{scipacy2019,
  title={ScispaCy: Fast and Robust Models for Biomedical Natural Language Processing},
  author={Mark Neumann, Daniel King, Iz Beltagy, Waleed Ammar},
  journal={To appear},
  year={2019}
}

@article{DBLP:journals/corr/BarriosLAW16,
  author    = {Federico Barrios and
             Federico L{\'{o}}pez and
             Luis Argerich and
             Rosa Wachenchauzer},
  title     = {Variations of the Similarity Function of TextRank for Automated Summarization},
  journal   = {CoRR},
  volume    = {abs/1602.03606},
  year      = {2016},
  url       = {http://arxiv.org/abs/1602.03606},
  archivePrefix = {arXiv},
  eprint    = {1602.03606},
  timestamp = {Wed, 07 Jun 2017 14:40:43 +0200},
  biburl    = {https://dblp.org/rec/bib/journals/corr/BarriosLAW16},
  bibsource = {dblp computer science bibliography, https://dblp.org}
}

@article{josang2007survey,
  title={A survey of trust and reputation systems for online service provision},
  author={J{\o}sang, Audun and Ismail, Roslan and Boyd, Colin},
  journal={Decision support systems},
  volume={43},
  number={2},
  pages={618--644},
  year={2007},
  publisher={Elsevier}
}

@book{jurafsky2014speech,
  title={Speech and language processing},
  author={Jurafsky, Dan and Martin, James H},
  volume={3},
  year={2014},
  publisher={Pearson London}
}

@article{langston2004linking,
  title={Linking to journal articles in an online teaching environment: The persistent link, DOI, and OpenURL},
  author={Langston, Marc and Tyler, James},
  journal={The Internet and Higher Education},
  volume={7},
  number={1},
  pages={51--58},
  year={2004},
  publisher={Elsevier}
}

@article{lecun2015deep,
  title={Deep learning},
  author={LeCun, Yann and Bengio, Yoshua and Hinton, Geoffrey},
  journal={nature},
  volume={521},
  number={7553},
  pages={436},
  year={2015},
  publisher={Nature Publishing Group}
}

@article{lan2008supervised,
  title={Supervised and traditional term weighting methods for automatic text categorization},
  author={Lan, Man and Tan, Chew Lim and Su, Jian and Lu, Yue},
  journal={IEEE transactions on pattern analysis and machine intelligence},
  volume={31},
  number={4},
  pages={721--735},
  year={2008},
  publisher={IEEE}
}

@inproceedings{liu2011recognizing,
  title={Recognizing named entities in tweets},
  author={Liu, Xiaohua and Zhang, Shaodian and Wei, Furu and Zhou, Ming},
  booktitle={Proceedings of the 49th Annual Meeting of the Association for Computational Linguistics: Human Language Technologies-Volume 1},
  pages={359--367},
  year={2011},
  organization={Association for Computational Linguistics}
}

@inproceedings{mihalcea2004textrank,
  title={Textrank: Bringing order into text},
  author={Mihalcea, Rada and Tarau, Paul},
  booktitle={Proceedings of the 2004 conference on empirical methods in natural language processing},
  year={2004}
}

@book{mitchell2018web,
  title={Web Scraping with Python: Collecting More Data from the Modern Web},
  author={Mitchell, Ryan},
  year={2018},
  publisher={" O'Reilly Media, Inc."}
}

@inproceedings{nakov2016semeval,
  title={SemEval-2016 task 4: Sentiment analysis in Twitter},
  author={Nakov, Preslav and Ritter, Alan and Rosenthal, Sara and Sebastiani, Fabrizio and Stoyanov, Veselin},
  booktitle={Proceedings of the 10th international workshop on semantic evaluation (semeval-2016)},
  pages={1--18},
  year={2016}
}

@article{nallapati2016abstractive,
  title={Abstractive text summarization using sequence-to-sequence rnns and beyond},
  author={Nallapati, Ramesh and Zhou, Bowen and Gulcehre, Caglar and Xiang, Bing and others},
  journal={arXiv preprint arXiv:1602.06023},
  year={2016}
}

@article{netzer1992race,
  title={What are race conditions?: Some issues and formalizations},
  author={Netzer, Robert HB and Miller, Barton P},
  journal={ACM Letters on Programming Languages and Systems (LOPLAS)},
  volume={1},
  number={1},
  pages={74--88},
  year={1992},
  publisher={ACM}
}

@book{o2016wikipedia,
  title={Wikipedia: a new community of practice?},
  author={O'Sullivan, Dan},
  year={2016},
  publisher={Routledge}
}

@article{pang2008opinion,
  title={Opinion mining and sentiment analysis},
  author={Pang, Bo and Lee, Lillian and others},
  journal={Foundations and Trends{\textregistered} in Information Retrieval},
  volume={2},
  number={1--2},
  pages={1--135},
  year={2008},
  publisher={Now Publishers, Inc.}
}

@article{paskin2010digital,
  title={Digital object identifier (DOI{\textregistered}) system},
  author={Paskin, Norman},
  journal={Encyclopedia of library and information sciences},
  volume={3},
  pages={1586--1592},
  year={2010},
  publisher={Taylor \& Francis England}
}

@inproceedings{peleja2014reputation,
  title={Reputation analysis with a ranked sentiment-lexicon},
  author={Peleja, Filipa and Santos, Jo{\~a}o and Magalh{\~a}es, Jo{\~a}o},
  booktitle={Proceedings of the 37th international ACM SIGIR conference on Research \& development in information retrieval},
  pages={1207--1210},
  year={2014},
  organization={ACM}
}

@inproceedings{pennington2014glove,
  title={Glove: Global vectors for word representation},
  author={Pennington, Jeffrey and Socher, Richard and Manning, Christopher},
  booktitle={Proceedings of the 2014 conference on empirical methods in natural language processing (EMNLP)},
  pages={1532--1543},
  year={2014}
}

@inproceedings{poria2015deep,
  title={{Deep convolutional neural network textual features and multiple kernel learning for utterance-level multimodal sentiment analysis}},
  author={Poria, Soujanya and Cambria, Erik and Gelbukh, Alexander},
  booktitle={Proceedings of the 2015 conference on empirical methods in natural language processing},
  pages={2539--2544},
  year={2015}
}

@article{pustejovsky1991generative,
  title={The generative lexicon},
  author={Pustejovsky, James},
  journal={Computational linguistics},
  volume={17},
  number={4},
  pages={409--441},
  year={1991},
  publisher={MIT press}
}

@inproceedings{ramos2003using,
  title={Using tf-idf to determine word relevance in document queries},
  author={Ramos, Juan and others},
  booktitle={Proceedings of the first instructional conference on machine learning},
  volume={242},
  pages={133--142},
  year={2003}
}

@inproceedings{spackman1997snomed,
  title={SNOMED RT: a reference terminology for health care.},
  author={Spackman, Kent A and Campbell, Keith E and C{\^o}t{\'e}, Roger A},
  booktitle={Proceedings of the AMIA annual fall symposium},
  pages={640},
  year={1997},
  organization={American Medical Informatics Association}
}

@misc{semanticscholar2018sc,
	title={{Semantic Scholar API}},
	author={{Allen Institute for Artificial Intelligence and Semantic Scholar}},
	year={2018},
	howpublished="\url{https://api.semanticscholar.org/}",
	note="[Online: accedido 20-Dic-2018]"
}

@misc{seinecleStopwords2016,
	title={{Lists of academic stopwords}},
	author={{Clement Levallois}},
	year={2016},
	howpublished="\url{https://github.com/seinecle/Stopwords}",
	note="[Online: accessed 20-Jan-2019]"
}

@inproceedings{tang2014learning,
  title={Learning sentiment-specific word embedding for twitter sentiment classification},
  author={Tang, Duyu and Wei, Furu and Yang, Nan and Zhou, Ming and Liu, Ting and Qin, Bing},
  booktitle={Proceedings of the 52nd Annual Meeting of the Association for Computational Linguistics (Volume 1: Long Papers)},
  volume={1},
  pages={1555--1565},
  year={2014}
}

@article{tripathy2016classification,
  title={Classification of sentiment reviews using n-gram machine learning approach},
  author={Tripathy, Abinash and Agrawal, Ankit and Rath, Santanu Kumar},
  journal={Expert Systems with Applications},
  volume={57},
  pages={117--126},
  year={2016},
  publisher={Elsevier}
}

@inproceedings{valenzuela2015identifying,
  title={Identifying meaningful citations},
  author={Valenzuela, Marco and Ha, Vu and Etzioni, Oren},
  booktitle={Workshops at the twenty-ninth AAAI conference on artificial intelligence},
  year={2015}
}

@article{vassiliadis2009survey,
  title={A survey of extract--transform--load technology},
  author={Vassiliadis, Panos},
  journal={International Journal of Data Warehousing and Mining (IJDWM)},
  volume={5},
  number={3},
  pages={1--27},
  year={2009},
  publisher={IGI Global}
}


@article{verspoor2005towards,
  title={Towards a semantic lexicon for biological language processing},
  author={Verspoor, Karin},
  journal={International Journal of Genomics},
  volume={6},
  number={1-2},
  pages={61--66},
  year={2005},
  publisher={Hindawi}
}

@article{wang2019feature,
  title={Feature Weighting Based on Inter-Category and Intra-Category Strength for Twitter Sentiment Analysis},
  author={Wang, Yili and Youn, Heeyong},
  journal={Applied Sciences},
  volume={9},
  number={1},
  pages={92},
  year={2019},
  publisher={Multidisciplinary Digital Publishing Institute}
}

@article{webster2017merriam,
  title={Merriam-Webster Medical Dictionary},
  author={Webster, Merriam},
  journal={Available from: Merriam-Webster and https://en. wikipedia. org/wiki/Iatrogenesis},
  year={2017}
}

@article{wilson2003gantt,
  title={Gantt charts: A centenary appreciation},
  author={Wilson, James M},
  journal={European Journal of Operational Research},
  volume={149},
  number={2},
  pages={430--437},
  year={2003},
  publisher={Elsevier}
}

@article{wu2019automatic,
  title={Automatic construction of target-specific sentiment lexicon},
  author={Wu, Sixing and Wu, Fangzhao and Chang, Yue and Wu, Chuhan and Huang, Yongfeng},
  journal={Expert Systems with Applications},
  volume={116},
  pages={285--298},
  year={2019},
  publisher={Elsevier}
}

