% Libros empleados
@BOOK{chio_freeman_2018,
title={Machine Learning \text{\&} Security},
author={Chio, Clarence and Freeman, David},
publisher = {O'Reilly Media, Inc.},
year={2018}
}

% Paginas web consultadas.

@misc{ClickSecurity_PE_FILE,
title = {ClickSecurity},
howpublished = "\url{http://nbviewer.jupyter.org/github/ClickSecurity/data_hacking/blob/master/pefile_classification/pefile_classification.ipynb}",
urldate = {18-10-2018}
}

@misc{ClickSecurity_JAVA_FILE,
title = {ClickSecurity},
howpublished = "\url{http://nbviewer.jupyter.org/github/ClickSecurity/data_hacking/blob/master/java_classification/java_classification.ipynb}",
urldate = {18-10-2018}
}

@misc{ClickSecurity_EXE_FILE,
title = {Machine-Learning-approach-for-Malware-Detection},
howpublished = "\url{https://github.com/surajr/Machine-Learning-approach-for-Malware-Detection/blob/master/malware-classification.ipynb}",
urldate = {18-10-2018}
}

@misc{Motivation_Attack,
title = {What Motivates Hackers? Money, Secrets, and Fun},
howpublished = "\url{https://www.calyptix.com/top-threats/motivates-hackers-money-secrets-fun/}",
urldate = {18-10-2018}
}



anonymous

